<?xml version="1.0" encoding="UTF-8"?><collection xmlns="http://www.loc.gov/MARC21/slim"><record><leader>00644nam--2200205-i-4500</leader><controlfield tag="001">000037557</controlfield><controlfield tag="002">20161230</controlfield><controlfield tag="005">20161230201041</controlfield><controlfield tag="008">060222s1000------------r-----000-0-rus-d</controlfield><datafield ind1=" " ind2=" " tag="040"><subfield code="a">IFIN-HH</subfield></datafield><datafield ind1=" " ind2=" " tag="041"><subfield code="a">rus</subfield></datafield><datafield ind1=" " ind2=" " tag="080"><subfield code="a">535</subfield></datafield><datafield ind1="1" ind2=" " tag="100"><subfield code="a">Jamieson, John A</subfield></datafield><datafield ind1="1" ind2="0" tag="245"><subfield code="a">Fizika i tehnika infrakrasnogo izlucenia</subfield><subfield code="c">JOHN A. JAMIESON, RAYMOND H. McFEE, GILBERT N. PLASS, ROBERT H. GRUBE, ROBERT G. RICHARDS</subfield></datafield><datafield ind1=" " ind2=" " tag="260"><subfield code="a">Moskva</subfield><subfield code="b">sOVETSKOE RADNO</subfield><subfield code="c">1965</subfield></datafield><datafield ind1=" " ind2=" " tag="300"><subfield code="a">642P</subfield></datafield><datafield ind1=" " ind2=" " tag="500"><subfield code="a">Titlul Original In Limba Engleza: Infrared Physics And Engineering</subfield></datafield><datafield ind1="1" ind2=" " tag="700"><subfield code="a">Richards, Robert G</subfield></datafield><datafield ind1=" " ind2=" " tag="852"><subfield code="a">22929</subfield><subfield code="c">535</subfield></datafield><datafield ind1=" " ind2=" " tag="CAT"><subfield code="a">Sys</subfield><subfield code="c">20101025</subfield><subfield code="h">091107</subfield></datafield></record></collection>